@inproceedings{Briffa2018,
    author = {J. A. {Briffa} and S. {Lygo-Baker}},
    booktitle = {2018 28th EAEEIE Annual Conference (EAEEIE)},
    doi = {10.1109/EAEEIE.2018.8534298},
    number = {},
    pages = {1-6},
    title = {Enhancing Student Project Selection and Allocation in Higher Education Programmes},
    volume = {},
    year = {2018}
}

@article{Kuh2009,
    author = {Kuh, George D.},
    doi = {10.1002/ir.283},
    journal = {New Directions for Institutional Research},
    number = {141},
    pages = {5-20},
    title = {The national survey of student engagement: Conceptual and empirical foundations},
    volume = {2009},
    year = {2009}
}

@article{McDonald2013,
    author = {Gael McDonald},
    doi = {10.1080/1360080X.2013.844668},
    journal = {Journal of Higher Education Policy and Management},
    number = {6},
    pages = {652-667},
    publisher = {Routledge},
    title = {Does size matter? {T}he impact of student-staff ratios},
    volume = {35},
    year = {2013}
}

